<?xml version="1.0" encoding="utf-8"?>
<record xmlns="http://www.loc.gov/MARC21/slim" xmlns:xsi="http://www.w3.org/2001/XMLSchema-instance" xsi:schemaLocation="http://www.loc.gov/MARC21/slim http://www.loc.gov/standards/marcxml/schema/MARC21slim.xsd">
	<leader>     nam a22        4500</leader>
	<controlfield tag="001">b17515634</controlfield>
	<controlfield tag="003">LeBAU</controlfield>
	<controlfield tag="006">m        d        </controlfield>
	<controlfield tag="007">cr cn |||m|||a</controlfield>
	<controlfield tag="008">170120s1900    ua      o     ||0 0 ara d</controlfield>
	<datafield ind1=" " ind2=" " tag="040">
		<subfield code="a">NNU</subfield>
		<subfield code="b">ara</subfield>
		<subfield code="e">rda</subfield>
		<subfield code="c">NNU</subfield>
	</datafield>
	<datafield ind1=" " ind2="4" tag="050">
		<subfield code="a">BP166.73</subfield>
		<subfield code="b">.M86 1900</subfield>
	</datafield>
	<datafield ind1="0" ind2="4" tag="082">
		<subfield code="a">297.225</subfield>
		<subfield code="2">22</subfield>
	</datafield>
	<datafield ind1="1" ind2=" " tag="100">
		<subfield code="6">880-01</subfield>
		<subfield code="a">Munāwī, ʻAbd al-Raʼūf ibn Tāj al-ʻĀrifīn,</subfield>
		<subfield code="d">-1621,</subfield>
		<subfield code="e">author.</subfield>
	</datafield>
	<datafield ind1="1" ind2="0" tag="245">
		<subfield code="6">880-02</subfield>
		<subfield code="a">Kitāb Sharḥ al-ʻAllāmah Zayn al-Dīn Muḥammad al-madʻū ʻAbd al-Raʼūf ibn Tāj al-ʻĀrifīn ibn ʻAlī ibn Zayn al-ʻĀbidīn al-Ḥaddādī al-Qāhirī al-maʻrūf bi-al-Munāwī al-mawlūd sanat 952 H. al-mutawaffá bi-al-Qāhirah ṣābīḥat yawm al-Khamīs al-thālith wa-al-‘ishrīn min Ṣafar al-khayr sanat 1031 ‘alá qaṭīdat al-Nafs li-ibn Sīnā :</subfield>
		<subfield code="b">wa-fīhi taʻrīf al-rūḥ, muqābalan ʻalá nuskhat al-muʼallif.</subfield>
	</datafield>
	<datafield ind1="3" ind2="0" tag="246">
		<subfield code="6">880-03</subfield>
		<subfield code="a">Sharḥ al-ʻAllāmah Zayn al-Dīn Muḥammad al-madʻū ʻAbd al-Raʼūf ibn Tāj al-ʻĀrifīn ibn ʻAlī ibn Zayn al-ʻĀbidīn al-Ḥaddādī al-Qāhirī al-maʻrūf bi-al-Munāwī al-mawlūd sanat 952 H. al-mutawaffá bi-al-Qāhirah ṣābīḥat yawm al-Khamīs al-thālith wa-al-‘ishrīn min Ṣafar al-khayr sanat 1031 ‘alá qaṭīdat al-Nafs li-ibn Sīnā :</subfield>
		<subfield code="b">wa-fīhi taʻrīf al-rūḥ, muqābalan ʻalá nuskhat al-muʼallif</subfield>
	</datafield>
	<datafield ind1=" " ind2="1" tag="264">
		<subfield code="6">880-04</subfield>
		<subfield code="a">Miṣr :</subfield>
		<subfield code="b">Maṭbaʻat al-Mawsūʻāt,</subfield>
		<subfield code="c">1318 H. = 1900 M.</subfield>
	</datafield>
	<datafield ind1=" " ind2=" " tag="300">
		<subfield code="6">880-05</subfield>
		<subfield code="a">online resource (191, 2 pages)</subfield>
	</datafield>
	<datafield ind1=" " ind2=" " tag="336">
		<subfield code="a">text</subfield>
		<subfield code="2">rdacontent</subfield>
	</datafield>
	<datafield ind1=" " ind2=" " tag="337">
		<subfield code="a">computer</subfield>
		<subfield code="2">rdamedia</subfield>
	</datafield>
	<datafield ind1=" " ind2=" " tag="338">
		<subfield code="a">online resource</subfield>
		<subfield code="2">rdacarrier</subfield>
	</datafield>
	<datafield ind1=" " ind2=" " tag="500">
		<subfield code="a">Part of the Arabic Collections Online (ACO) project, contributed by American University of Beirut's Jafet Memorial Library.</subfield>
	</datafield>
	<datafield ind1=" " ind2=" " tag="533">
		<subfield code="a">Electronic reproduction.</subfield>
		<subfield code="b">New York, N.Y. :</subfield>
		<subfield code="c">New York University,</subfield>
		<subfield code="d">2017.</subfield>
		<subfield code="5">NNU</subfield>
	</datafield>
	<datafield ind1="1" ind2="0" tag="600">
		<subfield code="6">880-06</subfield>
		<subfield code="a">Ibn Sīnā, Abū ‘Alī al-Ḥusayn ibn ʻAbd Allāh,</subfield>
		<subfield code="d">980-1037.</subfield>
		<subfield code="t">Qaṣīdat al-nafs.</subfield>
	</datafield>
	<datafield ind1=" " ind2="0" tag="650">
		<subfield code="6">880-07</subfield>
		<subfield code="a">Soul</subfield>
		<subfield code="x">Islam</subfield>
		<subfield code="v">Early works to 1800.</subfield>
	</datafield>
	<datafield ind1="2" ind2=" " tag="710">
		<subfield code="a">Jafet Memorial Library.</subfield>
	</datafield>
	<datafield ind1="0" ind2=" " tag="730">
		<subfield code="a">Arabic Collections Online.</subfield>
	</datafield>
	<datafield ind1="0" ind2="8" tag="776">
		<subfield code="i">Print version:</subfield>
		<subfield code="a">Munāwī, ʻAbd al-Raʼūf ibn Tāj al-ʻĀrifīn, -1621, author.</subfield>
		<subfield code="t">Kitāb Sharḥ al-ʻAllāmah Zayn al-Dīn Muḥammad al-madʻū ʻAbd al-Raʼūf ibn Tāj al-ʻĀrifīn ibn ʻAlī ibn Zayn al-ʻĀbidīn al-Ḥaddādī al-Qāhirī al-maʻrūf bi-al-Munāwī al-mawlūd sanat 952 H. al-mutawaffá bi-al-Qāhirah ṣābīḥat yawm al-Khamīs al-thālith wa-al-‘ishrīn min Ṣafar al-khayr sanat 1031 ‘alá qaṭīdat al-Nafs li-ibn Sīnā</subfield>
		<subfield code="w">(LeBAU)b17515634</subfield>
	</datafield>
	<datafield ind1="4" ind2="0" tag="856">
		<subfield code="u">http://hdl.handle.net/2333.1/2280ggc0</subfield>
	</datafield>
	<datafield ind1="1" ind2=" " tag="880">
		<subfield code="6">100-01/r</subfield>
		<subfield code="a">مناوي، عبد الرؤف بن تاج العارفين،</subfield>
		<subfield code="d">-1621,</subfield>
		<subfield code="e">author.</subfield>
	</datafield>
	<datafield ind1="1" ind2="0" tag="880">
		<subfield code="6">245-02/r</subfield>
		<subfield code="a">كتاب شرح العلامة زين الدين محمد المدعو عبد الرؤوف بن تاج العارفين بن علي بن زين العابدين الحدادي القاهري المعروف بالمناوي المولود سنة 952 المتوفى بالقاهرة صبيحة يوم الخميس الثالث والعشرين من صفر الخير سنة 1031 على قصيدة النفس لإبن سينا :</subfield>
		<subfield code="b">وفيه تعريف الروح مقابلاً على نسخة المؤلف.</subfield>
	</datafield>
	<datafield ind1="3" ind2="0" tag="880">
		<subfield code="6">246-03/r</subfield>
		<subfield code="a">شرح العلامة زين الدين محمد المدعو عبد الرؤوف بن تاج العارفين بن علي بن زين العابدين الحدادي القاهري المعروف بالمناوي المولود سنة 952 المتوفى بالقاهرة صبيحة يوم الخميس الثالث والعشرين من صفر الخير سنة 1031 على قصيدة النفس لإبن سينا :</subfield>
		<subfield code="b">وفيه تعريف الروح مقابلاً على نسخة المؤلف</subfield>
	</datafield>
	<datafield ind1=" " ind2="1" tag="880">
		<subfield code="6">264-04/r</subfield>
		<subfield code="a">مصر :</subfield>
		<subfield code="b">مطبعة الموسوعات،</subfield>
		<subfield code="c">1308 هـ. = 1900 م.</subfield>
	</datafield>
	<datafield ind1=" " ind2=" " tag="880">
		<subfield code="6">300-05/r</subfield>
		<subfield code="a">191، 2 صفحة ؛</subfield>
		<subfield code="c">25 سم</subfield>
	</datafield>
	<datafield ind1="1" ind2="4" tag="880">
		<subfield code="6">600-06/r</subfield>
		<subfield code="a">ابن سينا، ابو علي الحسين بن عبد الله،</subfield>
		<subfield code="d">980-1037.</subfield>
		<subfield code="t">قصيدة النفس.</subfield>
	</datafield>
	<datafield ind1=" " ind2="4" tag="880">
		<subfield code="6">650-07/r</subfield>
		<subfield code="a">الروح</subfield>
		<subfield code="x">الاسلام</subfield>
		<subfield code="v">أعمال قديمة حتى 1800.</subfield>
	</datafield>
	<datafield ind1=" " ind2=" " tag="959">
		<subfield code="a">NNU</subfield>
		<subfield code="b">WEB</subfield>
		<subfield code="c">GENI</subfield>
		<subfield code="t">0</subfield>
		<subfield code="m">Electronic access</subfield>
		<subfield code="s">01</subfield>
	</datafield>
	<datafield ind1=" " ind2=" " tag="999">
		<subfield code="i">LeBAU_b17515634</subfield>
		<subfield code="s">aub_aco000345</subfield>
		<subfield code="e">(ERROR-MISC)</subfield>
		<subfield code="s">aub_aco000345</subfield>
	</datafield>
</record>
